ï»¿
@inproceedings{meeker_ten_2010,
	address = {San Fransisco, {CA}},
	title = {Ten Questions Internet Execs Should Ask \& Answer},
	author = {Mary Meeker and Scott Devitt and Liang Wu},
	month = nov,
	year = {2010}
},

@inproceedings{trusted_phone_proto, 
author={Aciicmez, O. and Latifi, A. and Seifert, J.-P. and Xinwen Zhang}, 
booktitle={Consumer Communications and Networking Conference, 2008. CCNC 2008. 5th IEEE}, 
title={A Trusted Mobile Phone Prototype}, 
year={2008}, 
month={jan.}, 
volume={}, 
number={}, 
pages={1208 -1209}, 
keywords={PC architecture;TC-aware SELinux kernel;automatic Linux cell-phone worm;hardware mobile trusted module;mobile phone working group;trusted computing group;trusted mobile phone prototype;trusted mobile phone reference architecture;virtualization concept;Linux;cellular radio;mobile handsets;telecommunication computing;}, 
doi={10.1109/ccnc08.2007.270}, 
ISSN={0197-2618}
},

@misc{tcg_mobile_module,
	title = {TCG Mobile Trusted Module Specification Version 1.0},
	url = {\url{https://www.trustedcomputinggroup.org/specs/mobilephone/tcg-mobile-trusted-module-1.0.pdf}},
	month = jun,
	year = {2007},
	howpublished = {\url{https://www.trustedcomputinggroup.org/specs/mobilephone/tcg-mobile-trusted-module-1.0.pdf}}
},

@misc{_android_2010,
	title = {Android Most Popular Operating System in {U.S.} Among Recent Smartphone Buyers {\textbar} Nielsen Wire},
	url = {\url{http://blog.nielsen.com/nielsenwire/online_mobile/android-most-popular-operating-system-in-u-s-among-recent-smartphone-buyers/}},
	month = oct,
	year = {2010},
	howpublished = {\url{http://blog.nielsen.com/nielsenwire/online\_mobile/android-most-popular-operating-system-in-u-s-among-recent-smartphone-buyers/}}
},

@article{jansen_guidelines_2007,
	title = {Guidelines on cell phone forensics},
	volume = {800},
	journal = {{NIST} Special Publication},
	author = {W. Jansen and R. Ayers},
	year = {2007},
	pages = {101}
},

@article{TPM_TCG,
	title = {Trusted Computing Group (TCG) Timeline},
	author = {Trusted Computing Group},
	year = {2009},
	month = apr,
	howpublished = {\url{http://www.trustedcomputinggroup.org/}},
	url = {\url{http://www.trustedcomputinggroup.org/}}
},

@misc{_droid_????,
	title = {{DROID} by Motorola - Android phone - Tech Specs - Motorola Mobility, Inc. {USA}},
	url = {\url{http://www.motorola.com/Consumers/US-EN/Consumer-Product-and-Services/Mobile-Phones/ci.Motorola-DROID-US-EN.alt}},
	howpublished = {{\url{http://www.motorola.com/Consumers/US-EN/Consumer-Product-and-Services/Mobile-Phones/ci.Motorola-DROID-US-EN.alt}}}
},

@misc{android_basics,
	title = {What is Android},
	url = {\url{http://developer.android.com/guide/basics/what-is-android.html}},
	howpublished = {{\url{http://developer.android.com/guide/basics/what-is-android.html}}}
},

@misc{android_security,
	title = {Security and Permissions {\textbar} {Android} Developers},
	url = {\url{http://developer.android.com/guide/basics/what-is-android.html}},
	howpublished = {{\url{http://developer.android.com/guide/basics/what-is-android.html}}}
},

@misc{android_debug,
	title = {Android Debug Bridge},
	url = {\url{http://developer.android.com/guide/developing/tools/adb.html}},
	howpublished = {{\url{http://developer.android.com/guide/developing/tools/adb.html}}}
},

@misc{open_alliance,
	title = {Open Handset Alliance},
	url = {\url{http://www.openhandsetalliance.com/}},
	howpublished = {{\url{http://www.openhandsetalliance.com/}}}
},

@misc{oberheide_attack,
	title = {Remote Kill and Install on Google Android},
	author = {Jon Oberheide},
	url = {\url{http://jon.oberheide.org/blog/2010/06/25/remote-kill-and-install-on-google-android/}},
	howpublished = {{\url{http://jon.oberheide.org/blog/2010/06/25/remote-kill-and-install-on-google-android/}}}
},

@article{droid_analysis_2010,
	title = {Android Security Analysis on Motorola Droid Phone},
	author = {Chengye Zhang and Chao Qin},
	year = {2010}
},

@misc{root_with_adb,
	title = {Rooting the Droid without RSDLite},
	year = {2010},
	month = dec,
	url = {\url{http://androidforums.com/droid-all-things-root/171056-rooting-droid-without-rsd-lite-up-including-frg83d.html}},
	howpublished = {{\url{http://androidforums.com/droid-all-things-root/171056-rooting-droid-without-rsd-lite-up-including-frg83d.html }}}
},

@misc{top_ten_android,
	title = {Top 10 Android phones, best selling get software updates first},
	author = {Taylor Wimberly},
	year = {2010},
	month = nov,
	url = {\url{http://androidandme.com/2010/11/news/top-10-android-phones-best-selling-get-software-updates-first/}},
	howpublished = {{\url{http://androidandme.com/2010/11/news/top-10-android-phones-best-selling-get-software-updates-first/}}}
},

@misc{droid_release,
	title = {{Android} 2.1 Update Finally Live for {Motorola Droid}},
	author = {John Herrman},
	year = {2010},
	month = mar,
	url = {\url{http://gizmodo.com/\#!5505520/android-21-update-finally-live-for-motorola-droid}},
	howpublished = {{\url{http://gizmodo.com/\#!5505520/android-21-update-finally-live-for-motorola-droid}}}
},

@misc{mytouch_release,
	title = {{Andoird OS} 2.1 Upgrade for {T-Mobile myTouch 3G, Motorola Cliq, Cliq XT} Coming in {August}},
	author = {Ed Hardy},
	year = 2010,
	month = jul,
	url = {\url{http://www.brighthand.com/default.asp?newsID=16767}},
	howpublished = {{\url{http://www.brighthand.com/default.asp?newsID=16767}}}
},

@misc{xperia_release,
	title = {{XPERIA} Software Update},
	author = {Rikard Skogberg},
	year = 2010,
	month = oct,
	url = {\url{http://blogs.sonyericsson.com/products/2010/10/29/xperia-software-update-2/}},
	howpublished = {{\url{http://blogs.sonyericsson.com/products/2010/10/29/xperia-software-update-2/}}}
},

@misc{hero_release,
	title = {Sprint HTC Hero Android 2.1 update released},
	author = {Chris Davies},
	year = {2010},
	month = may,
	url = {\url{http://www.slashgear.com/sprint-htc-hero-android-2-1-update-released-1986138/}},
	howpublished = {{\url{http://www.slashgear.com/sprint-htc-hero-android-2-1-update-released-1986138/}}}
},

@misc{moment_release,
	title = {Sprint releases Android 2.1 for Samsung Moment},
	author = {Taylor Wimberly},
	year = {2010},
	month = may,
	url = {\url{http://androidandme.com/2010/05/news/sprint-releases-android-2-1-for-samsung-moment/}},
	howpublished = {{\url{http://androidandme.com/2010/05/news/sprint-releases-android-2-1-for-samsung-moment/}}}
},

@misc{google_release,
	title = {Android Developers SDK},
	url = {\url{http://developer.android.com/sdk/android-1.1.html}},
	howpublished = {{\url{http://developer.android.com/sdk/android-1.1.html}}}
},

@misc{immunity_canvas,
	title = {CANVAS: Owning Android},
	url = {\url{http://partners.immunityinc.com/movies/Lightning\_Demo\_Android.zip}},
        howpublished = {{\url{http://partners.immunityinc.com/movies/Lightning\_Demo\_Android.zip}}},

	year = {2011},
	month = jan
},

@misc{canalys_droid_growth,
	title = {Canalys predicts Android will grow more than twice the rate of major competitors in 2011},
	year = {2011},
	month = jan,
	url = {\url{http://www.canalys.com/pr/2011/r2011011.html}},
	howpublished = {{\url{http://www.canalys.com/pr/2011/r2011011.html}}}
},

@misc{google_tv,
	title = {Industry Leaders Announce Open Platform to Bring Web to TV},
	year = {2010},
	month = may,
	url = {\url{http://www.google.com/intl/en/press/pressrel/20100520\_googletv.html}},
	howpublished = {{\url{http://www.google.com/intl/en/press/pressrel/20100520\_googletv.html}}}
},

@misc{chevy_volt_droid,
	title = {GM Links With Google's Android to Manage the Chevy Volt},
	author = {Josie Garthwaite},
	month = may,
	url = {\url{http://gigaom.com/cleantech/gm-taps-google-android-for-beefed-up-chevy-volt-app/}},
	howpublished = {{\url{http://gigaom.com/cleantech/gm-taps-google-android-for-beefed-up-chevy-volt-app/}}}
},

@misc{ford_fiesta_droid,
	title = {2011 Ford Fiesta to include voice control of Android apps},
	author = {Matt Demers},
	year = {2010},
	month = apr,
	url = {\url{http://androidandme.com/2010/04/news/2011-ford-fiesta-to-include-voice-control-of-android-apps/}},
	howpublished = {{\url{http://androidandme.com/2010/04/news/2011-ford-fiesta-to-include-voice-control-of-android-apps/}}}
},

@misc{motorola_xoom_release,
	title = {Motorola XOOM Fact Sheet},
	url = {\url{http://mediacenter.motorola.com/Fact-Sheets/Motorola-XOOM-Fact-Sheet-3537.aspx}},
	howpublished = {{\url{http://mediacenter.motorola.com/Fact-Sheets/Motorola-XOOM-Fact-Sheet-3537.aspx}}}
},

@misc{galaxy_tab_release,
	title = {Galaxy Tab unveiled as Samsung's first tablet computer},
	url = {\url{http://www.bbc.co.uk/news/technology-11163687}},
	howpublished = {{\url{http://www.bbc.co.uk/news/technology-11163687}}}
},

@misc{sony_xperia_release,
	title = {Xperia PLAY},
	url = {\url{http://www.sonyericsson.com/cws/products/mobilephones/overview/xperia-play?cc=gb\&lc=en\#view=features\_specifications}},
	howpublished = {{\url{http://www.sonyericsson.com/cws/products/mobilephones/overview/xperia-play?cc=gb\&lc=en\#view=features\_specifications}}}
},

@misc{webkit_vuln,
	title = {Researchers expose Android WebKit browser exploit},
	author = {Ben Woods},
	year = {2010},
	month = nov,
	url = {\url{http://www.zdnet.co.uk/news/security-threats/2010/11/08/researchers-expose-android-webkit-browser-exploit-40090787/}},
	howpublished = {{\url{http://www.zdnet.co.uk/news/security-threats/2010/11/08/researchers-expose-android-webkit-browser-exploit-40090787/}}}
},

@misc{android_version_percent,
	title = {Platform Versions - Current Distribution},
	url = {\url{http://developer.android.com/resources/dashboard/platform-versions.html}},
	howpublished = {{\url{http://developer.android.com/resources/dashboard/platform-versions.html}}}
},

@misc{coverity_report,
	title = {Coverity Scan 2010 Open Source Integrity Report Reveals High Risk Software Flaws in Android},
	year = {2010},
	month = nov,
	url = {\url{http://www.coverity.com/html/press/coverity-scan-2010-report-reveals-high-risk-software-flaws-in-android.html}},
	howpublished = {{\url{http://www.coverity.com/html/press/coverity-scan-2010-report-reveals-high-risk-software-flaws-in-android.html}}}
},

@misc{gartner_report,
	title = {Gartner Says Android to Become No. 2 Worldwide Mobile Operating System in 2010 and Challenge Symbian for No. 1 Position by 2014},
	year = {2010},
	month = sep,
	url = {\url{http://www.gartner.com/it/page.jsp?id=1434613}},
	howpublished = {{\url{http://www.gartner.com/it/page.jsp?id=1434613}}}
},

@misc{root_tools,
	title = {Root Tools},
	url = {\url{https://market.android.com/details?id=com.jrummy.roottools}},
	howpublished = {{\url{https://market.android.com/details?id=com.jrummy.roottools}}}
},

@misc{easy_root,
	title = {Easy Root},
	url = {\url{http://www.unstableapps.com/buyme.html}},
	howpublished = {{\url{http://www.unstableapps.com/buyme.html}}}
},

@misc{unrevoked_info,
	title = {Unrevoked3 Recovery Reflash Tool},
	author = {Joshua Wise},
	year = {2011},
	month = jan,
	url = {\url{http://unrevoked.com/rootwiki/doku.php/public/unrevoked3}},
	howpublished = {{\url{http://unrevoked.com/rootwiki/doku.php/public/unrevoked3}}}
},

@misc{super_one_click_app,
	title = {Root Any Android Device And Samsung Captivate With Super One-Click App},
	author = {Ali Waqas},
	year = {2010},
	month = oct,
	url = {\url{http://www.addictivetips.com/mobile/root-any-android-device-and-samsung-captivate-with-super-one-click-app/}},
	howpublished = {{\url{http://www.addictivetips.com/mobile/root-any-android-device-and-samsung-captivate-with-super-one-click-app/}}}
},

@misc{app_market_downloads,
	title = {Android Market Statistics},
	url = {\url{http://www.androlib.com/appstats.aspx}},
	howpublished = {{\url{http://www.androlib.com/appstats.aspx}}}
},

@misc{android_blog_remote_removal,
	title = {Exercising Our Remote Application Removal Feature {\textbar} Android},
	author = {Tim Bray},
	year = {2010},
	month = jun,
	url = {\url{http://android-developers.blogspot.com/2010/06/exercising-our-remote-application.html}},
	howpublished = {{\url{http://android-developers.blogspot.com/2010/06/exercising-our-remote-application.html}}}
},

@misc{android_developer_registration,
	title = {Developer Signup {\textbar} Android},
	url = {\url{https://market.android.com:443/publish/signup}},
	howpublished = {{\url{https://market.android.com:443/publish/signup}}}
},

@misc{android_developer_distribution_agreement,
	title = {Android Market Developer Distribution Agreement},
	url = {\url{http://www.android.com/us/developer-distribution-agreement.html}},
	howpublished = {{\url{http://www.android.com/us/developer-distribution-agreement.html}}}
},

@misc{trusted_kill_switch,
	title = {Google Flicks Remote Android Kill Switch},
	author = {David Gilbert},
	year = {2011},
	month = mar,
	url = {\url{http://www.trustedreviews.com/news/Google-Flicks-Remote-Android-Kill-Switch}},
	howpublished = {{\url{http://www.trustedreviews.com/news/Google-Flicks-Remote-Android-Kill-Switch}}}
},

@misc{lookout_mobile_specs,
	title = {Lookout Mobile Security - Android Market},
	url = {\url{https://market.android.com/details?id=com.lookout}},
	howpublished = {{\url{https://market.android.com/details?id=com.lookout}}}
},

@misc{lookout_pc_world_review,
	title = {Lookout Mobile Security 5.6 Review {\textbar} Android Communication App - PC World},
	author = {Ginny Mies},
	url = {\url{http://www.pcworld.com/appguide/app.html?id=449285}},
	howpublished = {{\url{http://www.pcworld.com/appguide/app.html?id=449285}}}
},

@misc{andfire_firewall_specs,
	title = {AndFire {\textbar} SlideME},
	url = {{\url{http://www.pcworld.com/appguide/app.html?id=449285}}},
	howpublished = {{\url{http://www.pcworld.com/appguide/app.html?id=449285}}}
},

@misc{android_closed_source,
	title = {Coalition seeks to replace all of Google's closed source Android components {\textbar} Software News - Betanews},
	author = {Tim Conneally},
	year={2009},
	month = sep,
	url = {\url{http://www.betanews.com/article/Coalition-seeks-to-replace-all-of-Googles-closed-source-Android-components/1254236204}},
	howpublished = {{\url{http://www.betanews.com/article/Coalition-seeks-to-replace-all-of-Googles-closed-source-Android-components/1254236204}}}
},

@misc{google_search_app,
	title = {Google Search for your phone},
	url = {\url{http://www.google.com/mobile/search/}},
	howpublished = {{\url{http://www.google.com/mobile/search/}}}
},

@misc{bsd_lineage,
	title = {UNIX system family tree: Research and BSD},
	url = {\url{http://www.freebsd.org/cgi/cvsweb.cgi/~checkout~/src/share/misc/bsd-family-tree?rev=HEAD}},
	howpublished = {{\url{http://www.freebsd.org/cgi/cvsweb.cgi/~checkout~/src/share/misc/bsd-family-tree?rev=HEAD}}}
},

@misc{webkit_usage,
	title = {Applications using WebKit - WebKit},
	url = {\url{http://trac.webkit.org/wiki/Applications\%20using\%20WebKit}},
	howpublished = {{\url{http://trac.webkit.org/wiki/Applications\%20using\%20WebKit}}}
},

@misc{low_cost_android,
	title = {Low cost Android: crossing the \$100 barrier {\textbar} Vision Mobile :: blog},
	author = {Ben Hookway},
	year = {2010},
	month = feb,
	url = {\url{http://www.visionmobile.com/blog/2010/02/low-cost-android-crossing-the-100-barrier/}},
	howpublished = {{\url{http://www.visionmobile.com/blog/2010/02/low-cost-android-crossing-the-100-barrier/}}}
},

@misc{devices_run_froyo,
	title = {Only 36.2 percent of Android devices run Froyo},
	author = {Jefferey Van Camp},
	year = {2010},
	month = nov,
	url = {\url{http://www.digitaltrends.com/mobile/only-36-2-percent-of-android-devices-run-froyo/}},
	howpublished = {{\url{http://www.digitaltrends.com/mobile/only-36-2-percent-of-android-devices-run-froyo/}}}
},

@misc{install_service_gtalk,
	title = {jon.oberheide.org - blog - a peek inside the gtalkservice connection},
	author = {Jon Oberheide},
	year = {2010},
	month = jun,
	url = {\url{http://jon.oberheide.org/blog/2010/06/28/a-peek-inside-the-gtalkservice-connection/}},
	howpublished = {{\url{http://jon.oberheide.org/blog/2010/06/28/a-peek-inside-the-gtalkservice-connection/}}}
},

@misc{2.2_release_list,
	title = {{Android} 2.2 upgrade list: Is your phone getting {Froyo}? - {Computerworld Blogs}},
	author = {JR Raphael},
	year = {2010},
	month = jun,
	url = {\url{http://blogs.computerworld.com/16310/android\_22\_upgrade\_list}},
	howpublished = {{\url{http://blogs.computerworld.com/16310/android\_22\_upgrade\_list}}}
},

@misc{sms_covert_channel,
	title = {Researcher to Release Smartphone Botnet Proof-of-Concept Code},
	author = {Kelly Jackson Higgins},
	year = {2011},
	month = jan,
	url = {\url{http://mobile.darkreading.com/9287/show/54cc009853e3f863244c0b267a73ae86}},
	howpublished = {{\url{http://mobile.darkreading.com/9287/show/54cc009853e3f863244c0b267a73ae86}}}
},

@misc{dell_postponed_by_att,
	title = {{AT\&T} SIM-locked Units and the {Froyo} Update - Direct2Dell},
	author = {Lionel Menchaca},
	year = {2010},
	month = dec,
	url = {\url{http://en.community.dell.com/dell-blogs/Direct2Dell/b/direct2dell/archive/2010/12/09/at-amp-t-sim-locked-units-and-the-froyo-update.aspx}},
	howpublished = {{\url{http://en.community.dell.com/dell-blogs/Direct2Dell/b/direct2dell/archive/2010/12/09/at-amp-t-sim-locked-units-and-the-froyo-update.aspx}}}
},

@INPROCEEDINGS{brumley_patch_exploit,
	author={Brumley, D. and Poosankam, P. and Song, D. and Jiang Zheng},
	booktitle={IEEE Symp. S.\& P. 2008}, 
	title={Automatic Patch-Based Exploit Generation is Possible: Techniques and Implications},
	year={2008},
	month=may,
	pages={143-157}
}

@misc{samsung_rfs,
	title = {LinuStoreII Samsung OneNAND Flash Linux Device Driver - GPL Compliance},
	year ={2008},
        month = jul,
	author = {Flash Software Group, Samsung Electronics Co., Ltd}
},

@misc{_htc_????,
	title = {{HTC} - Products - {T-Mobile} G1 - Specification},
	url = {\url{http://www.htc.com/www/product/g1/specification.html}},
	howpublished = {\url{http://www.htc.com/www/product/g1/specification.html}}}
},


@misc{heimdall_site,
	title = {Heimdall Website},
	author = {B. Dobell},
	url = {\url{https://github.com/Benjamin-Dobell/Heimdall}},
	howpublished = {\url{https://github.com/Benjamin-Dobell/Heimdall}}
},

@misc{_htc_????-1,
	title = {{HTC} - Developer Center},
	url = {\url{http://developer.htc.com/adp.html}},
	howpublished = {\url{http://developer.htc.com/adp.html}}
},

@inproceedings{al-zarouni_introduction_2007,
	title = {Introduction to mobile phone flasher devices and considerations for their use in mobile phone forensics},
	booktitle = {Proceedings of the 5th Australian digital forensics conference},
	author = {Marwan {Al-Zarouni}},
	month = dec,
	year = {2007}
},

@article{willassen_forensics_2003,
	title = {Forensics and the {GSM} mobile telephone system},
	volume = {2},
	number = {1},
	journal = {International Journal of Digital Evidence},
	author = {S. Willassen},
	year = {2003},
	pages = {1--17}
},
@misc{droiddream_malware,
	author = {Kevin Mahaffey},
	url = {\url{http://blog.mylookout.com/2011/03/security-alert-malware-found-in-official-android-market-droiddream/}},
	howpublished = {\url{http://blog.mylookout.com/2011/03/security-alert-malware-found-in-official-android-market-droiddream/}},
	year = {2011},
	month = mar
}

@misc{geinimi_malware,
	title = {Google Android Trojan, FBI Raid Linked to Operation Payback Lead Security News},
	author = {Brian Prince},
	url = { \url{http://www.eweek.com/c/a/Security/Google-Android-Trojan-FBI-Raid-Linked-to-Operation-Payback-Lead-News-406931/}},
	howpublished = { \url{http://www.eweek.com/c/a/Security/Google-Android-Trojan-FBI-Raid-Linked-to-Operation-Payback-Lead-News-406931/}},
	year = {2011},
	month = jan
},	

@inproceedings{williamson_forensic_2006,
	title = {Forensic analysis of the contents of Nokia mobile phones},
	author = {B. Williamson and P. Apeldoorn and B. Cheam and M. {McDonald}},
	year = {2006},
	pages = {36}
},

@article{schneier_2003,
	title = {Cyberinsecurity: The cost of monopoly},
	journal = {Computer and Communications Industry Association},
	author = {D. Geer and R. Bace and P. Gutmann and P. Metzger and C.P. Pfleeger and J.S. Quarterman and B. Schneier},
	year = {2003},
	month = sept
},
@article{casadei_forensics_2006,
	title = {Forensics and {SIM} cards: an Overview},
	volume = {5},
	number = {1},
	journal = {International Journal of Digital Evidence},
	author = {F. Casadei and A. Savoldi and P. Gubian},
	year = {2006}
},

@inproceedings{mokhonoana_acquisition_2007,
	title = {Acquisition of a Symbian smart phoneâs content with an on-phone forensic tool},
	author = {{P.M.} Mokhonoana and {M.S.} Olivier},
	year = {2007}
},

@article{distefano_overall_2008,
	title = {An overall assessment of mobile internal acquisition tool},
	volume = {5},
	issn = {1742-2876},
	journal = {digital investigation},
	author = {A. Distefano and G. Me},
	year = {2008},
	pages = {S121--S127}
},

@article{kim_data_2007,
	title = {Data acquisition from cell phone using logical approach},
	volume = {26},
	journal = {Proceedings of the World Academy of Science, Engineering and Technology},
	author = {K. Kim and D. Hong and K. Chung and J. Ryou},
	year = {2007}
},

@article{thing_live_2010,
	title = {Live memory forensics of mobile phones},
	volume = {7},
	issn = {1742-2876},
	journal = {digital investigation},
	author = {{V.L.L.} Thing and {K.Y.} Ng and {E.C.} Chang},
	year = {2010},
	pages = {S74--S82}
},

@inproceedings{yates_practical_2010,
	title = {Practical investigations of digital forensics tools for mobile devices},
	publisher = {{ACM}},
	author = {{II} Yates},
	year = {2010},
	pages = {156--162}
},

@inproceedings{fairbanks_blackberry_2009,
	title = {{BlackBerry} {IPD} parsing for open source forensics},
	publisher = {{IEEE}},
	author = {K. Fairbanks and K. Atreya and H. Owen},
	year = {2009},
	pages = {195--199}
},

@article{murphy_fraternal_2009,
	title = {The Fraternal Clone Method for {CDMA} Cell Phones},
	volume = {3},
	issn = {1941-6164},
	number = {1},
	journal = {{SMALL} {SCALE} {DIGITAL} {DEVICE} {FORENSICS} {JOURNAL}},
	author = {Cynthia Murphy},
	month = jun,
	year = {2009}
},

@article{bader_iphone_2010,
	title = {{iPhone} {3GS} Forensics: Logical analysis using Apple {iTunes} Backup Utility},
	volume = {4},
	issn = {1941-6164},
	number = {1},
	journal = {{SMALL} {SCALE} {DIGITAL} {DEVICE} {FORENSICS} {JOURNAL}},
	author = {Mona Bader and Ibrahim Baggili},
	month = sep,
	year = {2010}
},

@inproceedings{williamson_forensic_2006-1,
	title = {Forensic analysis of the contents of Nokia mobile phones},
	author = {B. Williamson and P. Apeldoorn and B. Cheam and M. {McDonald}},
	year = {2006},
	pages = {36}
},

@misc{_factsheet:_????,
	title = {Factsheet: The {U.S.} Media Universe {\textbar} Nielsen Wire},
	url = {\url{http://blog.nielsen.com/nielsenwire/online_mobile/factsheet-the-u-s-media-universe/}},
	howpublished = {\url{http://blog.nielsen.com/nielsenwire/online_mobile/factsheet-the-u-s-media-universe/}}}
},

@article{hoog_android_2009,
	title = {Android forensics},
	volume = {29},
	journal = {Mobile Forensics World},
	author = {A. Hoog},
	year = {2009}
},

@misc{_welcome_????,
	key = {_welcome_????},
	title = {Welcome to Android {\textbar} Android Open Source},
	url = {\url{http://source.android.com/}}},
	howpublished = {\url{http://source.android.com/}}}
},

@misc{nexus_s,
	title = {Ext4 filesystem hits Android, no need to fear data loss},
	author = {R. Paul},
	year = {2010},
	url = {\url{http://arstechnica.com/open-source/news/2010/12/ext4-filesystem-hits-android-no-need-to-fear-data-loss.ars}}},
	howpublished = {\url{http://arstechnica.com/open-source/news/2010/12/ext4-filesystem-hits-android-no-need-to-fear-data-loss.ars}}}
},
@misc{MTD_site,
	title = {Memory Technology Device (MTD) Subsystem for Linux},
	url = {\url{http://www.linux-mtd.infradead.org/doc/general.html}},
	howpublished = {\url{http://www.linux-mtd.infradead.org/faq/nand.html}}
},
@misc{android_developers,
	key = {android_developers},
	title = {Android Developers},
	url = {\url{http://developer.android.com/}},
	howpublished = {\url{http://developer.android.com/}}
},
@misc{ayers_cell_????,
	title = {Cell Phone Forensic Tools: An Overview and Analysis Update, {NIST} Interagency Report {(IR)} 7387},
	author = {R. Ayers and W. Jansen and L. Moenner and A. Delaitre},
	year = {2007},
	month = mar
},

@misc{_computer_????,
	title = {Computer Forensics - Forums - General Discussion - Mobile Phone Forensics - Android / Root access},
	url = {\urlBiBTeX{http://www.forensicfocus.com/index.php?name=Forums&-file=viewtopic&t=5779}},
	howpublished = {{\url{http://www.forensicfocus.com/index.php?name=Forums\&-file=viewtopic\&t=5779}}}
},

@misc{_[q]_????,
	title = {{[Q]} Android Rooting {[Archive]} - xda-developers},
	url = {\url{http://forum.xda-developers.com/archive/index.php/t-866622.html}},
	howpublished = {\url{http://forum.xda-developers.com/archive/index.php/t-866622.html}}
},

@article{vidas_acquisition_2006,
	title = {The acquisition and analysis of random access memory},
	volume = {1},
	issn = {1556-7281},
	number = {4},
	journal = {Journal of Digital Forensic Practice},
	author = {T. Vidas},
	year = {2006},
	pages = {315--323}
},

@article{vidas_DFRWS2010,
	title = {Towards a General Collection Methodology for Android Devices},
	journal = {DFRWS 2011},
	author = {T. Vidas and C. Zhang and N. Christin},
	year = {2011},
	month = aug
},

@article{vidas_w2sp2011,
	title = {Curbing Android Permission Creep},
	journal = {W2SP 2011},
	author = {T. Vidas and N. Christin and L. Cranor},
	year = {2011},
	month = may
},

@book{farmer_forensic_2005,
	title = {Forensic discovery},
	isbn = {{020163497X}},
	publisher = {{Addison-Wesley}},
	author = {D. Farmer and W. Venema},
	year = {2005}
},

@article{reisinger_another_2009,
	title = {Another {iPhone} worm, but this one is serious {\textbar} The Digital Home - {CNET} News},
	url = {\url{http://news.cnet.com/8301-13506_3-10403425-17.html}},
	howpublished = {\url{http://news.cnet.com/8301-13506_3-10403425-17.html}},
	journal = {cnet news},
	author = {Don Reisinger},
	month = nov,
	year = {2009}
},

@inproceedings{shin_towards_2009,
        title = {Towards Formal Analysis of the {Permission-Based} Security Model for Android},
        publisher = {{IEEE}},
        author = {W. Shin and S. Kiyomoto and K. Fukushima and T. Tanaka},
        year = {2009},
        pages = {87--92}
},

@misc{sarma_debugging_2002,
        title = {Debugging multiple threads or processes},
        publisher = {Google Patents},
        author = {D. Sarma and S. Vaddagiri},
        month = mar,
        year = {2002}
},

@article{burdach_finding_2006,
        title = {Finding Digital Evidence In Physical Memory},
        journal = {Black Hat, Las Vegas, {NV}},
        author = {M. Burdach},
        year = {2006}
},
@misc{_backdoor_????,
	title = {Backdoor and default passwords},
	url = {\url{http://www.freelabs.com/~whitis/-security/backdoor.html}},
	howpublished = {\url{http://www.freelabs.com/{\textasciitilde}whitis/-security/backdoor.html}}
},
@misc{android_trojan,
	title = {Trojanized Apps Root Android Devices},
	url = {\url{http://blog.trendmicro.com/trojanized-apps-root-android-devices/}},
	howpublished = {\url{http://blog.trendmicro.com/trojanized-apps-root-android-devices/}},
},
@misc{zeus_mobile,
	title = {ZeuS Targets Mobile Users},
	url = {\url{http://blog.trendmicro.com/zeus-targets-mobile-users/}},
	howpublished = {\url{http://blog.trendmicro.com/zeus-targets-mobile-users/}},
},
@misc{permission_backwardcompat,
	title = {Permission list is incorrect for APKs built with Android 1.6 SDK},
	url = {\url{https://code.google.com/p/android/issues/detail?id=4101}},
	howpublished = {\url{https://code.google.com/p/android/issues/detail?id=4101}},
},

@techreport{vennon_malware,
  title={{Android malware. A study of known and potential malware threats}},
  author={Vennon, T.},
  year={2010},
  month = feb,
  institution={Technical Report White paper, SMobile Global Threat Center}
},
@conference{taintdroid,
  title={{TaintDroid: an information-flow tracking system for realtime privacy monitoring on smartphones}},
  author={Enck, W. and Gilbert, P. and Chun, B.G. and Cox, L.P. and Jung, J. and McDaniel, P. and Sheth, A.N.},
  booktitle={Proceedings of OSDI},
  year={2010}
},
@misc{yxe_worm,
	title = {Worm:SymbOS/Yxe},
	url = {\url{http://www.f-secure.com/v-descs/worm_symbos_yxe.shtml}},
	howpublished = {\url{http://www.f-secure.com/v-descs/worm_symbos_yxe.shtml}},
 	month = may,
        year = {2007}
},
@misc{cannon,
	author={Cannon, T.},
	title={Android Lock Screen Bypass},
	url={\url{http://thomascannon.net/blog/2011/02/android-lock-screen-bypass}},
	howpublished={\url{http://thomascannon.net/blog/2011/02/android-lock-screen-bypass}}
},
@misc{signed_spying,
	title = {Just because it's signed doesn't mean it isn't spying on you},
	url = {\url{http://www.f-secure.com/weblog/archives/00001190.html}},
	howpublished = {\url{http://www.f-secure.com/weblog/archives/00001190.html}},
 	month = may,
        year = {2007}
},
@ARTICLE{shabtai_comprehensive, 
	author={Shabtai, A. and Fledel, Y. and Kanonov, U. and Elovici, Y. and Dolev, S. and Glezer, C.}, 
	journal={Security Privacy, IEEE}, title={Google Android: A Comprehensive Security Assessment}, 
	year={2010}, 
	month={march-april }, 
	volume={8}, 
	number={2}, 
	pages={35 -44}, 
	doi={10.1109/MSP.2010.2}, 
	ISSN={1540-7993},
},
@article{selinux_android,
  title={{Securing Android-powered mobile devices using SELinux}},
  author={Shabtai, A. and Fledel, Y. and Elovici, Y.},
  journal={Security \& Privacy, IEEE},
  volume={8},
  number={3},
  pages={36--44},
  issn={1540-7993},
  year={2010},
  publisher={IEEE}
},
@INPROCEEDINGS{enck_signed,
    author = {William Enck and Machigar Ongtang and Patrick Mcdaniel},
    title = {On Lightweight Mobile Phone Application Certification},
    booktitle = {ACM Conference on Computer and Communications Security},
    year = {2009},
    pages = {235--245},
    publisher = {ACM}
},
@conference{barrera2010,
  title={{A methodology for empirical analysis of permission-based security models and its application to android}},
  author={Barrera, D. and Kayacik, H.G. and van Oorschot, P.C. and Somayaji, A.},
  booktitle={Proceedings of the 17th ACM conference on Computer and communications security},
  pages={73--84},
  year={2010},
  organization={ACM}
},
@article{breeuwsma_physical, 
  title={Forensic Data Recovery from Flash Memory}, 
  volume={1}, 
  url={http://citeseerx.ist.psu.edu/viewdoc/download?doi=10.1.1.135.5697&rep=rep1&type=pdf}, 
  number={1}, 
  journal={Small}, 
  publisher={Citeseer}, 
  author={Breeuwsma, Marcel and Jongh, Martien De and Klaver, Coert and Knijff, Ronald Van Der and Roeloffs, Mark}, 
  year={2007}, 
  pages={1Ð17}
},
@ARTICLE{IEEE_standard_1149.1-2001,
key={IEEE_standard_1149.1-2001},
journal={IEEE Std 1149.1-2001},
title={IEEE Standard Test Access Port and Boundary-Scan Architecture},
year={2001},
month={ },
volume={},
number={},
pages={i -200},
keywords={},
doi={10.1109/IEEESTD.2001.92950},
ISSN={}
},
@article{willassen_physical, 
  title={Forensic analysis of mobile phone internal memory}, 
  url={http://www.springerlink.com/index/e686077555390m80.pdf}, 
  journal={Memory}, 
  publisher={Springer}, 
  author={Willassen, Svein Y}, 
  year={2005}, 
  pages={191Ð204}
}