%% This BibTeX bibliography file was created using BibDesk.
%% http://bibdesk.sourceforge.net/


%% Created for Matthew Heaton at 2009-12-29 13:22:40 -0500 


%% Saved with string encoding Unicode (UTF-8) 



@article{Rue:EtAl:2009,
	Author = {H\r{a}vard Rue and Sara Martino and Nicolas Chopin},
	Date-Added = {2009-12-29 13:20:30 -0500},
	Date-Modified = {2009-12-29 13:22:39 -0500},
	Journal = {Journal of the Royal Statistical Society, Series B},
	Number = {2},
	Pages = {319-392},
	Title = {Approximate Bayesian inference for latent Gaussian models by using integrated nested Laplace approximations (with discussion)},
	Volume = {71},
	Year = {2009}}

@article{Gelfand:EtAl:2004b,
	Author = {Alan E. Gelfand and Mark D. Ecker and John R. Knight and C. F. Sirmans},
	Date-Added = {2009-12-14 12:40:31 -0500},
	Date-Modified = {2009-12-14 12:43:24 -0500},
	Journal = {Journal of Real Estate Finance and Economics},
	Number = {2},
	Pages = {149-166},
	Title = {The Dynamics of Location in Home Price},
	Volume = {29},
	Year = {2004}}

@article{Hoeting:EtAl:2006,
	Author = {Jennifer A. Hoeting and Richard A. Davis and Andrew A. Merton and Sandra E. Thompson},
	Date-Added = {2009-12-14 12:05:09 -0500},
	Date-Modified = {2009-12-14 12:06:38 -0500},
	Journal = {Ecological Applications},
	Number = {1},
	Pages = {87-98},
	Title = {Model Selection for Geostatistical Models},
	Volume = {16},
	Year = {2006}}

@article{Gelfand:EtAl:2005,
	Author = {Alan E. Gelfand and Sudipto Banerjee and Dani Gamerman},
	Date-Added = {2009-12-14 12:03:58 -0500},
	Date-Modified = {2009-12-14 12:05:06 -0500},
	Journal = {Environmetrics},
	Pages = {465-479},
	Title = {Spatial process modelling for univariate and multivariate dynamic spatial data},
	Volume = {16},
	Year = {2005}}

@unpublished{Reich:EtAl:2010,
	Author = {Brian J. Reich and M. Fuentes and Amy H. Herring and Kelly R. Evenson},
	Date-Added = {2009-12-14 11:54:44 -0500},
	Date-Modified = {2009-12-14 11:56:06 -0500},
	Note = {Accepted to Biometrics},
	Title = {Bayesian Variable Selection for Multivariate Spatially-Varying Coefficient Regression},
	Year = {2009}}

@article{Wakefield:Salway:2001,
	Author = {J. Wakefield and R. Salway},
	Date-Added = {2009-12-14 11:50:10 -0500},
	Date-Modified = {2009-12-14 11:51:15 -0500},
	Journal = {Journal of the Royal Statistical Society, Series A},
	Pages = {119-137},
	Title = {A statistical framework for ecological and aggregate studies},
	Volume = {164},
	Year = {2001}}

@article{Dominici:EtAl:2002,
	Author = {Francesca Dominici and Michael Daniels and Scott L. Zeger and Jonathan M. Samet},
	Date-Added = {2009-12-14 11:23:55 -0500},
	Date-Modified = {2009-12-14 11:26:30 -0500},
	Journal = {Journal of the American Statistical Association},
	Month = {March},
	Number = {457},
	Pages = {100-111},
	Title = {Air Pollution and Mortality: Estimating Regional and National Dose-Response Relationships},
	Volume = {97},
	Year = {2002}}

@article{Fuentes:Raftery:2005,
	Author = {M. Fuentes and A. E. Raftery},
	Date-Added = {2009-11-25 19:56:24 -0500},
	Date-Modified = {2009-11-25 19:57:31 -0500},
	Journal = {Biometrics},
	Pages = {36-45},
	Title = {Model evaluation and spatial interpolation by Bayesian combination of observations with outputs from numerical models},
	Volume = {61},
	Year = {2005}}

@article{Wikle:Berliner:2005,
	Author = {C. K. Wikle and L. M. Berliner},
	Date-Added = {2009-11-25 19:45:12 -0500},
	Date-Modified = {2009-11-25 19:56:21 -0500},
	Journal = {Technometrics},
	Pages = {80-91},
	Title = {Combining information across spatial scales},
	Volume = {47},
	Year = {2005}}

@article{Royle:Berliner:1999,
	Author = {J. A. Royle and L. M. Berliner},
	Date-Added = {2009-11-25 18:56:14 -0500},
	Date-Modified = {2009-11-25 18:57:24 -0500},
	Journal = {Journal of Agricultural, Biological, and Environmental Statistics},
	Number = {29-56},
	Title = {A Hierarchical Approach to Multivariate Spatial Modeling and Prediction},
	Volume = {4},
	Year = {1999}}

@article{Berliner:2000,
	Author = {L. M. Berliner},
	Date-Added = {2009-11-25 18:54:59 -0500},
	Date-Modified = {2009-11-25 18:56:11 -0500},
	Journal = {Allgemeines Statistiches Archiv, Journal of the German Statistical Society},
	Number = {141-153},
	Title = {Hierarchical Bayesian Modeling in the Environmental Sciences},
	Volume = {84},
	Year = {2000}}

@article{Diggle:EtAl:1998,
	Author = {P. J. Diggle and J. A. Tawn and R. A. Moyeed},
	Date-Added = {2009-11-24 18:36:37 -0500},
	Date-Modified = {2009-11-24 18:38:02 -0500},
	Journal = {Applied Statistics},
	Pages = {299-350},
	Title = {Model-Based Geostatistics},
	Volume = {47},
	Year = {1998}}

@inproceedings{Raftery:Lewis:1992,
	Author = {A. E. Raftery and S. Lewis},
	Booktitle = {Bayesian Statistics 4},
	Date-Added = {2009-11-18 14:23:16 -0500},
	Date-Modified = {2009-11-18 14:24:30 -0500},
	Editor = {J. M. Bernardo and J. Berger and A. P. Dawid and A. F. M. Smith},
	Publisher = {Oxford University Press},
	Title = {How many iterations in the Gibbs Sampler?},
	Year = {1992}}

@inproceedings{Geweke:1992,
	Author = {J. Geweke},
	Booktitle = {Bayesian Statistics 4},
	Date-Added = {2009-11-18 14:19:45 -0500},
	Date-Modified = {2009-11-18 14:23:08 -0500},
	Editor = {J. M. Bernardo and J. Berger and A. P. Dawid and A. F. M. Smith},
	Publisher = {Oxford University Press},
	Title = {Evaluating the Accuracy of Sampling-Based Approaches to the Calculation of Posterior Moments},
	Year = {1992}}

@article{Agarwal:EtAl:2002,
	Author = {Deepak K. Agarwal and Alan E. Gelfand and Steven Citron-Pousty},
	Date-Added = {2009-11-17 14:41:14 -0500},
	Date-Modified = {2009-11-17 14:42:14 -0500},
	Journal = {Environmental and Ecological Statistics},
	Pages = {341-355},
	Title = {Zero-inflated models with application to spatial count data},
	Volume = {9},
	Year = {2002}}

@article{Green:1995,
	Author = {Peter J. Green},
	Date-Added = {2009-11-16 13:40:56 -0500},
	Date-Modified = {2009-11-16 13:41:52 -0500},
	Journal = {Biometrika},
	Number = {4},
	Pages = {711-732},
	Title = {Reversible Jump Markov Chain Monte Carlo Computation and Bayesian Model Determination},
	Volume = {82},
	Year = {1995}}

@book{Cressie:1993,
	Author = {Noel A. C. Cressie},
	Date-Added = {2009-11-16 11:56:59 -0500},
	Date-Modified = {2009-11-16 11:58:05 -0500},
	Publisher = {Wiley},
	Title = {Statistics for Spatial Data},
	Year = {1993}}

@article{Brooks:EtAl:2003,
	Author = {H. Brooks and J. Lee and J. Craven},
	Date-Added = {2009-10-13 14:53:42 -0400},
	Date-Modified = {2009-10-13 14:55:38 -0400},
	Journal = {Atmospheric Research},
	Pages = {73-94},
	Title = {The spatial distribution of severe thunderstorm and tornado environments from global reanalysis data},
	Volume = {67},
	Year = {2003}}

@article{Gelfand:EtAl:2003,
	Author = {Alan E. Gelfand and Hyon Jung Kim and C. F. Sirmans and Sudipto Banerjee},
	Date-Added = {2009-09-24 09:58:42 -0400},
	Date-Modified = {2009-12-14 12:19:58 -0500},
	Journal = {Journal of the American Statistical Association},
	Pages = {387-396},
	Title = {Spatial Modeling With Spatially Varying Coefficient Processes},
	Volume = {98},
	Year = {2003}}

@book{Banerjee:EtAl:2004,
	Author = {S. Banerjee and Bradley P. Carlin and Alan E. Gelfand},
	Date-Added = {2009-09-23 14:56:04 -0400},
	Date-Modified = {2009-09-23 14:57:21 -0400},
	Publisher = {Chapman and Hall/CRC},
	Title = {Hierarchical Modeling and Analysis for Spatial Data},
	Year = {2004}}

@book{Matern:1986,
	Author = {B. Mat\'{e}rn},
	Date-Added = {2009-09-22 11:40:45 -0400},
	Date-Modified = {2009-09-22 11:42:02 -0400},
	Edition = {2},
	Publisher = {Berlin: Springer-Verlag},
	Title = {Spatial Variation},
	Year = {1986}}

@article{Zhang:2004,
	Author = {Hao Zhang},
	Date-Added = {2009-09-15 10:22:52 -0400},
	Date-Modified = {2009-09-15 10:24:22 -0400},
	Journal = {Journal of the American Statistical Association},
	Number = {465},
	Pages = {250-261},
	Title = {Inconsistent Estimation and Asymptotically Equal Interpolations in Model-Based Geostatistics},
	Volume = {99},
	Year = {2004}}

@article{Smith:1985,
	Author = {Richard L. Smith},
	Date-Added = {2009-09-14 14:16:35 -0400},
	Date-Modified = {2009-09-14 14:18:20 -0400},
	Journal = {Biometrika},
	Pages = {67-90},
	Title = {Maximum likelihood estimation in a class of non-regular cases},
	Volume = {72},
	Year = {1985}}

@unpublished{Cooley:Sain:2009,
	Author = {Dan Cooley and Stephan R. Sain},
	Date-Added = {2009-09-14 12:53:10 -0400},
	Date-Modified = {2009-09-14 13:58:44 -0400},
	Note = {Accepted to JABES},
	Title = {Spatial Hierarchical Modeling of Precipitation Extremes from a Regional Climate Model},
	Year = {2009}}

@unpublished{Sang:Gelfand:2009,
	Author = {Huiyan Sang and Alan E. Gelfand},
	Date-Added = {2009-09-14 12:51:40 -0400},
	Date-Modified = {2009-09-14 14:00:25 -0400},
	Note = {Submitted to JABES},
	Title = {Continuous Spatial Process Models for Spatial Extremes},
	Year = {2009}}

@article{Sang:Gelfand:2008,
	Author = {Huiyan Sang and Alan E. Gelfand},
	Date-Added = {2009-09-10 17:36:48 -0400},
	Date-Modified = {2009-09-14 13:59:25 -0400},
	Journal = {Environmental and Ecological Statistics},
	Number = {3},
	Pages = {407-426},
	Title = {Hierarchical modeling for extreme values observed over space and time},
	Volume = {16},
	Year = {2007}}

@article{Fawcett:Walshaw:2007,
	Author = {Lee Fawcett and David Walshaw},
	Date-Added = {2009-09-09 16:34:55 -0400},
	Date-Modified = {2009-09-09 16:35:46 -0400},
	Journal = {Environmetrics},
	Pages = {173-188},
	Title = {Improved estimation for temporally clustered extremes},
	Volume = {18},
	Year = {2007}}

@article{Haario:EtAl:2001,
	Author = {Heikki Haario and Eero Saksman and Johana Tamminen},
	Date-Added = {2009-08-25 07:28:34 -0400},
	Date-Modified = {2009-08-25 07:29:53 -0400},
	Journal = {Bernoulli},
	Pages = {223-242},
	Title = {An Adaptive Metropolis Algorithm},
	Volume = {2},
	Year = {2001}}

@article{Spiegelhalter:EtAl:2002,
	Author = {David J. Spiegelhalter and Nicola G. Best and Bradley P. Carlin and Angelika van der Linde},
	Date-Added = {2009-08-24 17:29:36 -0400},
	Date-Modified = {2009-08-24 17:31:05 -0400},
	Journal = {Journal of the Royal Statistical Society, Series B},
	Number = {4},
	Pages = {583-639},
	Title = {Bayesian measures of model complexity and fit (with discussion)},
	Volume = {64},
	Year = {2002}}

@article{Gelman:Rubin:1992,
	Author = {Andrew Gelman and D. Rubin},
	Date-Added = {2009-08-24 17:12:53 -0400},
	Date-Modified = {2009-08-24 17:14:17 -0400},
	Journal = {Statistical Science},
	Pages = {457-511},
	Title = {Inference from Iterative Simulation using Multiple Sequences},
	Volume = {7},
	Year = {1992}}

@article{Smith:1989,
	Author = {Richard L. Smith},
	Date-Added = {2009-08-06 09:58:10 -0400},
	Date-Modified = {2009-08-06 09:59:46 -0400},
	Journal = {Statistical Science},
	Pages = {367-393},
	Title = {Extreme Value Analysis of Environmental Time Series: An Application to Trend Detection in Ground-level Ozone (with discussion)},
	Volume = {4},
	Year = {1989}}

@unpublished{Smith:2003,
	Author = {Richard L. Smith},
	Date-Added = {2009-08-06 09:53:10 -0400},
	Date-Modified = {2009-08-06 09:55:43 -0400},
	Note = {http://www.stat.unc.edu/postscript/rs/semstatrls.ps},
	Title = {Statistics of Extremes with Applications in Environment, Insurance and Finance},
	Year = {2003}}

@article{Behrens:EtAl:2004,
	Author = {Cibele N. Behrens and Hedibert F. Lopes and Dani Gamerman},
	Date-Added = {2009-08-04 17:29:25 -0400},
	Date-Modified = {2009-08-04 17:30:32 -0400},
	Journal = {Statistical Modelling},
	Pages = {227-244},
	Title = {Bayesian analysis of extreme events with threshold estimation},
	Volume = {4},
	Year = {2004}}

@book{Coles:2001,
	Author = {Stuart G. Coles},
	Date-Added = {2009-08-04 16:10:36 -0400},
	Date-Modified = {2009-08-04 16:11:33 -0400},
	Publisher = {Springer-Verlag},
	Title = {An Introduction to statistical modeling of extreme values},
	Year = {2001}}

@article{Coles:Tawn:1996,
	Author = {Stuart G. Coles and Jonathan A. Tawn},
	Date-Added = {2009-08-03 17:10:36 -0400},
	Date-Modified = {2009-08-03 17:11:32 -0400},
	Journal = {Applied Statistics},
	Pages = {463-478},
	Title = {A Bayesian analysis of extreme rainfall data},
	Volume = {45},
	Year = {1996}}

@article{Cooley:EtAl:2007,
	Author = {Dan Cooley and Doug Nychka and Philippe Naveau},
	Date-Added = {2009-08-03 17:09:04 -0400},
	Date-Modified = {2009-08-03 17:10:32 -0400},
	Journal = {Journal of the American Statistical Association},
	Pages = {824-840},
	Title = {Bayesian spatial modeling of extreme precipitation return levels},
	Volume = {102},
	Year = {2007}}

@article{Gelfand:EtAl:2004,
	Author = {Alan E. Gelfand and A. M. Schmidt and S. Banerjee and C. F. Sirmans},
	Date-Added = {2009-08-03 17:05:38 -0400},
	Date-Modified = {2009-08-03 17:08:52 -0400},
	Journal = {Test},
	Number = {2},
	Pages = {1-50},
	Title = {Nonstationary multivariate process modeling through spacially varying coregionalization (with discussion)},
	Volume = {12},
	Year = {2004}}
